<?xml version="1.0" encoding="UTF-8"?><record xmlns="http://www.loc.gov/MARC21/slim" xmlns:cinclude="http://apache.org/cocoon/include/1.0" xmlns:zs="http://www.loc.gov/zing/srw/">
  <leader>00550nz  a2200133n  4500</leader>
  <controlfield tag="001">nb2010031363</controlfield>
  <controlfield tag="003">DLC</controlfield>
  <controlfield tag="005">20101125075218.0</controlfield>
  <controlfield tag="008">101123n| acannaabn          |n aaa      </controlfield>
  <datafield tag="010" ind1=" " ind2=" ">
    <subfield code="a">nb2010031363</subfield>
  </datafield>
  <datafield tag="035" ind1=" " ind2=" ">
    <subfield code="a">(Uk)007975747</subfield>
  </datafield>
  <datafield tag="040" ind1=" " ind2=" ">
    <subfield code="a">Uk</subfield>
    <subfield code="b">eng</subfield>
    <subfield code="c">Uk</subfield>
  </datafield>
  <datafield tag="100" ind1="1" ind2=" ">
    <subfield code="a">Moss, Ben,</subfield>
    <subfield code="d">1964-</subfield>
  </datafield>
  <datafield tag="670" ind1=" " ind2=" ">
    <subfield code="a">Four funerals and a wedding, 2009:</subfield>
    <subfield code="b">t.p. (Ben Moss) back cover (born 1964, Bromley, South London, lived in Norwich until moved to France in 2003; has worked as an English teacher, curator and founder of temporary art gallery, now lives in GreĚnolieĚres, France)</subfield>
  </datafield>
</record>